% How to cite webpage: https://tex.stackexchange.com/questions/3587/how-can-i-use-bibtex-to-cite-a-web-page
@misc{ride_hailing_domination,
    title = {Weekly Round-Up: War Between Taxis and Ubers Heats Up in NYC},
    author = {{Harry Campbell}},
    howpublished = {\url{https://www.linkedin.com/pulse/weekly-round-up-war-between-taxis-ubers-heats-up-nyc-harry-campbell/}},
    note = {Accessed: 2024-08-15}
}

@misc{weather_data,
    title = {Integrated Surface Dataset},
    author = {{National Centers for Environmental Information, National Oceanic and Atmospheric Administration}},
    howpublished = {\url{https://www.ncei.noaa.gov/access/search/data-search/global-hourly?bbox=40.963,-74.257,40.463,-73.757&startDate=2023-01-01T00:00:00&endDate=2023-12-31T23:59:59&pageNum=1}},
    note = {Accessed: 2024-08-11}
}

@misc{taxi_driver_salary,
    title = {Taxi Driver Salary in New York},
    author = {{salary.com}},
    howpublished = {\url{https://www.salary.com/research/salary/benchmark/taxi-driver-salary/new-york-ny}},
    note = {Accessed: 2024-08-11}
}

@misc{sample_solution,
    title = {Predicting Hourly Demand for Taxi Rides in NYC},
    author = {{Ming Hui Tan}},
    howpublished = {\url{https://canvas.lms.unimelb.edu.au/courses/188486/files/20090661?module_item_id=5926335}},
    note = {Accessed: 2024-08-15}
}

@misc{miles_ratio,
    title = {Towards Reducing Taxicab Cruising Time Using Spatio-Temporal Profitability Maps},
    author = {{Jason Powell et al}},
    howpublished = {\url{https://link.springer.com/chapter/10.1007/978-3-642-22922-0_15}},
    note = {Accessed: 2024-08-18}
}

% You should lookup the entries defined in bibtex to properly format your .bib file